@book{Braibant:2012vky,
	author         = "Braibant, Sylvie and Giacomelli, Giorgio and Spurio,
	Maurizio",
	title          = "{Particles and fundamental interactions: Supplements,
	problems and solutions}",
	publisher      = "Springer",
	address        = "Dordrecht, Netherlands",
	year           = "2012",
	url            = "http://www.springer.com/978-94-007-4134-8",
	series         = "Undergraduate Lecture Notes in Physics",
	doi            = "10.1007/978-94-007-4135-5",
	ISBN           = "9789400741348",
	SLACcitation   = "%%CITATION = INSPIRE-1217916;%%"
}
@article{Higgs:1998491,
	title         = "{The Higgs boson}",
	month         = "Jan",
	year          = "2014",
	url           = "http://cds.cern.ch/record/1998491",
}
@article{Djouadi:1997yw,
	author         = "Djouadi, A. and Kalinowski, J. and Spira, M.",
	title          = "{HDECAY: A Program for Higgs boson decays in the standard
	model and its supersymmetric extension}",
	journal        = "Comput. Phys. Commun.",
	volume         = "108",
	year           = "1998",
	pages          = "56-74",
	doi            = "10.1016/S0010-4655(97)00123-9",
	eprint         = "hep-ph/9704448",
	archivePrefix  = "arXiv",
	primaryClass   = "hep-ph",
	reportNumber   = "DESY-97-079, IFT-96-29, PM-97-04",
	SLACcitation   = "%%CITATION = HEP-PH/9704448;%%"
}



