@article{pythia8,
author         = "Sjostrand, Torbjorn and Mrenna, Stephen and Skands, Peter Z.",
title          = "{A Brief Introduction to PYTHIA 8.1}",
journal        = "Comput. Phys. Commun.",
volume         = "178",
pages          = "852-867",
doi            = "10.1016/j.cpc.2008.01.036",
year           = "2008",
eprint         = "0710.3820",
archivePrefix  = "arXiv",
primaryClass   = "hep-ph"
}




